@article{szegedy2013intriguing,
  title={Intriguing properties of neural networks},
  author={Szegedy, Christian and Zaremba, Wojciech and Sutskever, Ilya and Bruna, Joan and Erhan, Dumitru and Goodfellow, Ian and Fergus, Rob},
  journal={arXiv preprint arXiv:1312.6199},
  year={2013}
}

@article{goodfellow2014explaining,
  title={Explaining and harnessing adversarial examples},
  author={Goodfellow, Ian J and Shlens, Jonathon and Szegedy, Christian},
  journal={arXiv preprint arXiv:1412.6572},
  year={2014}
}

@article{tanay2016boundary,
  title={A boundary tilting persepective on the phenomenon of adversarial examples},
  author={Tanay, Thomas and Griffin, Lewis},
  journal={arXiv preprint arXiv:1608.07690},
  year={2016}
}

@inproceedings{schmidt2018adversarially,
  title={Adversarially robust generalization requires more data},
  author={Schmidt, Ludwig and Santurkar, Shibani and Tsipras, Dimitris and Talwar, Kunal and Madry, Aleksander},
  booktitle={Advances in Neural Information Processing Systems},
  pages={5014--5026},
  year={2018}
}

@article{bubeck2018adversarial,
  title={Adversarial examples from computational constraints},
  author={Bubeck, S{\'e}bastien and Price, Eric and Razenshteyn, Ilya},
  journal={arXiv preprint arXiv:1805.10204},
  year={2018}
}

@article{ilyas2019adversarial,
  title={Adversarial examples are not bugs, they are features},
  author={Ilyas, Andrew and Santurkar, Shibani and Tsipras, Dimitris and Engstrom, Logan and Tran, Brandon and Madry, Aleksander},
  journal={arXiv preprint arXiv:1905.02175},
  year={2019}
}

@inproceedings{chen2018ead,
  title={Ead: elastic-net attacks to deep neural networks via adversarial examples},
  author={Chen, Pin-Yu and Sharma, Yash and Zhang, Huan and Yi, Jinfeng and Hsieh, Cho-Jui},
  booktitle={Thirty-second AAAI conference on artificial intelligence},
  year={2018}
}

@inproceedings{carlini2017adversarial,
  title={Adversarial examples are not easily detected: Bypassing ten detection methods},
  author={Carlini, Nicholas and Wagner, David},
  booktitle={Proceedings of the 10th ACM Workshop on Artificial Intelligence and Security},
  pages={3--14},
  year={2017},
  organization={ACM}
}

@article{madry2017towards,
  title={Towards deep learning models resistant to adversarial attacks},
  author={Madry, Aleksander and Makelov, Aleksandar and Schmidt, Ludwig and Tsipras, Dimitris and Vladu, Adrian},
  journal={arXiv preprint arXiv:1706.06083},
  year={2017}
}

@inproceedings{chen2017zoo,
  title={Zoo: Zeroth order optimization based black-box attacks to deep neural networks without training substitute models},
  author={Chen, Pin-Yu and Zhang, Huan and Sharma, Yash and Yi, Jinfeng and Hsieh, Cho-Jui},
  booktitle={Proceedings of the 10th ACM Workshop on Artificial Intelligence and Security},
  pages={15--26},
  year={2017},
  organization={ACM}
}

@article{uesato2018adversarial,
  title={Adversarial risk and the dangers of evaluating against weak attacks},
  author={Uesato, Jonathan and O'Donoghue, Brendan and Oord, Aaron van den and Kohli, Pushmeet},
  journal={arXiv preprint arXiv:1802.05666},
  year={2018}
}

@article{ilyas2018black,
  title={Black-box adversarial attacks with limited queries and information},
  author={Ilyas, Andrew and Engstrom, Logan and Athalye, Anish and Lin, Jessy},
  journal={arXiv preprint arXiv:1804.08598},
  year={2018}
}

@article{brendel2017decision,
  title={Decision-based adversarial attacks: Reliable attacks against black-box machine learning models},
  author={Brendel, Wieland and Rauber, Jonas and Bethge, Matthias},
  journal={arXiv preprint arXiv:1712.04248},
  year={2017}
}

@inproceedings{engstrom2019exploring,
  title={Exploring the Landscape of Spatial Robustness},
  author={Engstrom, Logan and Tran, Brandon and Tsipras, Dimitris and Schmidt, Ludwig and Madry, Aleksander},
  booktitle={International Conference on Machine Learning},
  pages={1802--1811},
  year={2019}
}

@article{hendrycks2018benchmarking,
  title={Benchmarking neural network robustness to common corruptions and surface variations},
  author={Hendrycks, Dan and Dietterich, Thomas G},
  journal={arXiv preprint arXiv:1807.01697},
  year={2018}
}

@article{ford2019adversarial,
  title={Adversarial examples are a natural consequence of test error in noise},
  author={Ford, Nic and Gilmer, Justin and Carlini, Nicolas and Cubuk, Dogus},
  journal={arXiv preprint arXiv:1901.10513},
  year={2019}
}