@Misc{poisoninga_ttack.org,
howpublished = {\url{https://towardsdatascience.com/poisoning-attacks-on-machine-learning-1ff247c254db}},
}