@article{bianchi2013performance,
  title={Performance of a distributed stochastic approximation algorithm},
  author={Bianchi, Pascal and Fort, Gersende and Hachem, Walid},
  journal={IEEE Transactions on Information Theory},
  volume={59},
  number={11},
  pages={7405--7418},
  year={2013},
  publisher={IEEE}
}

@article{yuan2016convergence,
  title={On the convergence of decentralized gradient descent},
  author={Yuan, Kun and Ling, Qing and Yin, Wotao},
  journal={SIAM Journal on Optimization},
  volume={26},
  number={3},
  pages={1835--1854},
  year={2016},
  publisher={SIAM}
}

@inproceedings{jiang2017collaborative,
	title={Collaborative deep learning in fixed topology networks},
	author={Jiang, Zhanhong and Balu, Aditya and Hegde, Chinmay and Sarkar, Soumik},
	booktitle={Advances in Neural Information Processing Systems},
	pages={5904--5914},
	year={2017}
}

@article{lan2017communication,
  title={Communication-efficient algorithms for decentralized and stochastic optimization},
  author={Lan, Guanghui and Lee, Soomin and Zhou, Yi},
  journal={Mathematical Programming},
  pages={1--48},
  year={2017},
  publisher={Springer}
}


@inproceedings{lian2017can,
  title={Can decentralized algorithms outperform centralized algorithms? a case study for decentralized parallel stochastic gradient descent},
  author={Lian, Xiangru and Zhang, Ce and Zhang, Huan and Hsieh, Cho-Jui and Zhang, Wei and Liu, Ji},
  booktitle={Advances in Neural Information Processing Systems (NIPS)},
  year={2017}
}

@incollection{ram2010asynchronous,
  title={Asynchronous gossip algorithm for stochastic optimization: Constant stepsize analysis},
  author={Ram, S Sundhar and Nedi{\'c}, Angelia and Veeravalli, Venu V},
  booktitle={Recent Advances in Optimization and its Applications in Engineering},
  pages={51--60},
  year={2010},
  publisher={Springer}
}

@article{ram2010distributed,
  title={Distributed stochastic subgradient projection algorithms for convex optimization},
  author={Ram, S Sundhar and Nedi{\'c}, Angelia and Veeravalli, Venugopal V},
  journal={Journal of optimization theory and applications},
  volume={147},
  number={3},
  pages={516--545},
  year={2010},
  publisher={Springer}
}


@inproceedings{sirb2016consensus,
  title={Consensus optimization with delayed and stochastic gradients on decentralized networks},
  author={Sirb, Benjamin and Ye, Xiaojing},
  booktitle={2016 IEEE International Conference on Big Data (Big Data)},
  pages={76--85},
  year={2016},
  organization={IEEE}
}


@article{srivastava2011distributed,
  title={Distributed asynchronous constrained stochastic optimization},
  author={Srivastava, Kunal and Nedic, Angelia},
  journal={IEEE Journal of Selected Topics in Signal Processing},
  volume={5},
  number={4},
  pages={772--790},
  year={2011},
  publisher={IEEE}
}


@article{tang2018d,
  title={D2: Decentralized Training over Decentralized Data},
  author={Tang, Hanlin and Lian, Xiangru and Yan, Ming and Zhang, Ce and Liu, Ji},
  journal={arXiv preprint arXiv:1803.07068},
  year={2018}
}

@article{colin2016gossip,
  title={Gossip dual averaging for decentralized optimization of pairwise functions},
  author={Colin, Igor and Bellet, Aur{\'e}lien and Salmon, Joseph and Cl{\'e}men{\c{c}}on, St{\'e}phan},
  journal={arXiv preprint arXiv:1606.02421},
  year={2016}
}
