@article{dean2008mapreduce,
	title={{MapReduce}: simplified data processing on large clusters},
	author={Dean, Jeffrey and Ghemawat, Sanjay},
	journal={Communications of the ACM},
	volume={51},
	number={1},
	pages={107--113},
	year={2008},
	publisher={ACM}
}


@inproceedings{li2014scaling,
	title={Scaling Distributed Machine Learning with the Parameter Server.},
	author={Li, Mu and Andersen, David G and Park, Jun Woo and Smola, Alexander J and Ahmed, Amr and Josifovski, Vanja and Long, James and Shekita, Eugene J and Su, Bor-Yiing},
	booktitle={USENIX Symposium on Operating Systems Design and Implementation (OSDI)},
	year={2014}
}

@article{low2012graphlab,
	author = {Low, Yucheng and Bickson, Danny and Gonzalez, Joseph and Guestrin, Carlos and Kyrola, Aapo and Hellerstein, Joseph M.},
	title = {Distributed {GraphLab}: A Framework for Machine Learning and Data Mining in the Cloud},
	journal = {Proceedings of the VLDB Endowment},
	year = {2012}
} 


@article{meng2016mllib,
	title={{MLlib}: machine learning in {A}pache {S}park},
	author={Meng, Xiangrui and Bradley, Joseph and Yavuz, Burak and Sparks, Evan and Venkataraman, Shivaram and Liu, Davies and Freeman, Jeremy and Tsai, DB and Amde, Manish and Owen, Sean and others},
	journal={Journal of Machine Learning Research},
	volume={17},
	number={34},
	pages={1--7},
	year={2016}
}


@inproceedings{moritz2018ray,
  title={Ray: A distributed framework for emerging $\{$AI$\}$ applications},
  author={Moritz, Philipp and Nishihara, Robert and Wang, Stephanie and Tumanov, Alexey and Liaw, Richard and Liang, Eric and Elibol, Melih and Yang, Zongheng and Paul, William and Jordan, Michael I and Ion Stoica},
  booktitle={13th $\{$USENIX$\}$ Symposium on Operating Systems Design and Implementation ($\{$OSDI$\}$ 18)},
  pages={561--577},
  year={2018}
}


@article{valiant1990bridging,
	author = {Valiant, Leslie G.},
	title = {A Bridging Model for Parallel Computation},
	journal = {Communications of the ACM},
	volume = {33},
	number = {8},
	year = {1990},
	pages = {103--111}
} 



@article{zaharia2010spark,
	title={Spark: Cluster Computing with Working Sets.},
	author={Zaharia, Matei and Chowdhury, Mosharaf and Franklin, Michael J and Shenker, Scott and Stoica, Ion},
	journal={HotCloud},
	volume={10},
	number={10-10},
	pages={95},
	year={2010}
}


@inproceedings{zaharia2012rdd,
	author = {Zaharia, Matei and Chowdhury, Mosharaf and Das, Tathagata and Dave, Ankur and Ma, Justin and McCauley, Murphy and Franklin, Michael J. and Shenker, Scott and Stoica, Ion},
	title = {Resilient Distributed Datasets: A Fault-tolerant Abstraction for In-memory Cluster Computing},
	booktitle = {Proceedings of the 9th USENIX Conference on Networked Systems Design and Implementation (NSDI)},
	year = {2012}
} 
